%% This BibTeX bibliography file was created using BibDesk.
%% http://bibdesk.sourceforge.net/


%% Created for Akshaya Srivastava at 2012-02-14 00:53:53 -0500 


%% Saved with string encoding Unicode (UTF-8) 



@book{book2,
	Author = {Schaffer-Saxena-Antolovich-Sanders-Warner},
	Date-Added = {2012-02-14 00:52:41 -0500},
	Date-Modified = {2012-02-14 00:53:38 -0500},
	Edition = {Second},
	Publisher = {McGraw-Hill},
	Title = {The Science and Design of Engineering Materials},
	Year = {2010}}

@book{book1,
	Author = {James M Gere},
	Date-Added = {2012-02-14 00:51:07 -0500},
	Date-Modified = {2012-02-14 00:52:27 -0500},
	Edition = {Sixth},
	Publisher = {Cengage Learning},
	Title = {Mechanics of Materials},
	Year = {2006}}

@misc{site1,
  Author = {National Instruments},
  Title = {Strain Gauge Configuration Types},
  Publisher = {NI Developer Zone [online tutorial]},
  Howpublished = "\url{http://zone.ni.com/devzone/cda/tut/p/id/4172#toc5 }", 
  Note = {[Online; accessed 12-April-2012]}
  }
  
@misc{site2,
  Author = {Mehrdad Negahban},
  Title = {Buckling of Columns},
  Publisher = {University of Nebraska},
  Howpublished = "\url{http://emweb.unl.edu/negahban/Em325/21-Buckling\%20of\%20columns/Buckling\%20of\%20columns_files/image020.gif}", 
  Note = {[Online; accessed 14-April-2012]}
  }
  
@article{site3,
  Author = {John David},
  Title = {SUBMISSION OF THE ALLIED PILOTS ASSOCIATION TO THE NATIONAL TRANSPORTATION SAFETY BOARD REGARDING THE ACCIDENT OF AMERICAN AIRLINES FLIGHT 587 AT BELLE HARBOR, NEW YORK NOVEMBER 12, 2001},
  Date-Added = {2004-03-23},
  Publisher = {Allied Pilots Association},
  Howpublished = "\url{http://www.alliedpilots.org/Public/Topics/Issues/apa587finalsubmission.pdf}", 
  Note = {[Online; accessed 14-April-2012]}
  }
  
  @misc{site4,
  Author = {Airsafe.org},
  Title = {Investigation of the Crash of American Airlines Flight 587},
  Publisher = {Airsafe.org},
  Date-Revised = {2007-11-12},
  Howpublished = "\url{http://www.airsafe.com/events/aa587.htm}", 
  Note = {[Online; accessed 14-April-2012]}
  }